@article{ismail_parametric_2001,
	title = {Parametric study of solidification of {PCM} around a cylinder for ice-bank applications},
	volume = {24},
	year = {2001},
	issn = {0140-7007},
	doi = {10.1016/S0140-7007(00)00059-1},	
	pages = {809--822},
	number = {8},
	journal = {International Journal of Refrigeration},
	shortjournal = {International Journal of Refrigeration},
	author = {Kamal A. R. Ismail and Antonio Batista de Jesus},	
}

@article{ismail_numerical_1999,
	title = {A numerical and experimental study on a parallel plate ice bank},
	volume = {19},
	issn = {1359-4311},
	doi = {10.1016/S1359-4311(98)00024-6},	
	pages = {163--193},
	number = {2},
	journal = {Applied Thermal Engineering},
	shortjournal = {Applied Thermal Engineering},
	author = {Kamal A. R. Ismail and O.C. Quispe and J. R. Henr\'iquez},	
	year = {1999},	
}

@article{cheng_effects_1988,
	title = {Effects of Natural Convection on Ice Formation Around an Isothermally Cooled Horizontal Cylinder},
	volume = {110},
	issn = {0022-1481},
	url = {http://dx.doi.org/10.1115/1.3250595},
	doi = {10.1115/1.3250595},	
	pages = {931--937},
	number = {4},
	journal = {Journal of Heat Transfer},
	author = {K. C. Cheng and H. Inaba and R. R. Gilpin.},
	urldate = {2016-08-22},
	date = {1988-11-01},
	year = {1988},
}

@article{Koller_experimental_2012,	
	title = {Experimental and theoretical investigations of solidification and melting of ice for the design and operation of an ice store},
	volume = {35},	
	number = {1},	
	journal = {International Journal of Refrigeration},
	author = {Torsten Koller and Klaus Spindler and Hans M\"{u}ller-Steinhagen},	
	year = {2012},
	pages = {1253--1265},
}

@article{vick_model_1996,
	title = {Model of an ice-on-coil brine thermal storage component},
	volume = {102},
	number = {1},
	journal = {{ASHRAE} Transactions},
	author = {Brian Vick and Douglas J. Nelson and Xianhui Yu},
	year = {1996},
	pages = {45--54},
}

@article{nelson_validation_1996,
	title = {Validation of the Algorithm for Ice-on-Pipe Brine Thermal Storage Systems},
	volume = {102},
	number = {1},
	journal = {{ASHRAE} Transactions},
	author = {Douglas J. Nelson and Brian Vick and Xianhui Yu},
	year = {1996},
	pages = {55--62},
}

@article{neto_deterministic_1997,
	title = {Deterministic model for an internal melt ice-on-coil thermal storage tank},
	volume = {103},
	number = {1},
	journal = {{ASHRAE} Transactions},
	author = {Jose H.M. Neto and Moncef Krarti},
	year = {1997},
	pages = {113--124},
}

@article{neto_experimental_1997,
	title = {Experimental Validation of a Numerical Model for an Internal Melt Ice-on-Coil Thermal Storage Tank},
	volume = {103},
	number = {1},
	journal = {{ASHRAE} Transactions},
	author = {Jose H.M. Neto and Moncef Krarti},
	year = {1997},
	pages = {125--138},
}

@article{kiatreungwattana_evaluation_2002,
	title = {Evaluation of an Internal Melt Ice-on-Coil Storage Tank During Partial Charging and Discharging Cycles},
	volume = {108},
	number = {1},
	journal = {{ASHRAE} Transactions},
	author = {Kosol  Kiatreungwattana and Moncef Krarti },
	year = {2002},
	pages = {1061--1071},
}

@techreport{rhc_strategic_2013,
	author= {{E}uropean {T}echnology {P}latform on {R}enewable {H}eating and {C}ooling},	
	shortauthor = {{RHC}},
	institution = {{International Energy Agency} {IEA}},
	title = {{S}trategic {R}esearch and {I}nnovation {A}genda for {R}enewable {H}eating \& {C}ooling},			
	year = {2013}
}

@techreport{eu_roadmap_2012,
	author= {{Europen Commision}},	
	shortauthor = {{EU}},		
	institution = {{European Commision}},
	title = {Energy roadmap 2050},			
	year = {2012}
}

@article{kleinbach_performance_1993,
author = "E M Kleinbach and William A Beckman and S A Klein",
title = "Performance study of one-dimensional models for stratified thermal storage tanks",
journal = "Solar Energy",
volume = "50",
number = "2",
pages = "155 - 166",
year = "1993",
}

@article{carbonell_modeling_2015,
author = "Daniel Carbonell and Daniel Philippen and Michel Y Haller and Elimar Frank",
title = "Modeling of an ice storage based on a de-icing concept for solar heating applications ",
journal = "Solar Energy ",
volume = "121",
number = "",
pages = "2-16 ",
year = "2015",
note = "",
issn = "0038-092X",
keywords = "Ice storage",
keywords = "Modeling",
keywords = "Solar and heat pumps",
keywords = "Solar-ice "
}


@article{carbonell_modeling_2016,
author = "Daniel Carbonell and Daniel Philippen and Michel Y Haller",
title = "Modeling of an ice storage buried in the ground for solar heating applications. {V}alidations with one year of monitored data from a pilot plant",
journal = "Solar Energy",
volume = "125",
pages = "398-414",
year = "2016",
}

@article{logie_transient_2013,
author = "William R Logie and Elimar Frank",
title = "A transient immersed coil heat exchanger model",
journal = "Journal of Solar Energy Engineering",
volume = "135",
pages = "041006",
year = "2013",
}

@article{perers_dynamic_1993,
author = "B Perers",
title = "Dynamic method for solar collector array testing and evaluation with
standard database and simulation programs",
journal = "Solar Energy",
volume = "50",
number = "6",
pages = "517-526",
year = "1993",
}

@article{perers_improved_1997,
author = "B Perers",
title = "An improved dynamic solar collector test method for determination of non-linear
optical and thermal characteristics with multiple regression",
journal = "Solar Energy",
volume = "59",
number = "",
pages = "163-178",
year = "1997",
}


@BOOK{incropera_fundamentals_2006,
  title = {Fundamentals of Heat and Mass Transfer},
  publisher = {John Wiley \& Sons},
 edition = {6$^{th}$},
  year = {2006},
  author = {Frank P Incropera and David P Dewitt and Theodore L Bergman and Adrienne S Lavine},
}

@BOOK{GSL_2003,
  title = {GNU Scientific Library Reference Manual },
  publisher = {John Wiley \& Sons},
 edition = {2$^{nd}$},
  year = {2003},
  author = {M Galassi and J Davies and B Gough and G Jungman and M Booth and F Rossi},
}


@BOOK{Ashrae_HVAC_2007,
  author = {ASHRAE},
  title = {{H}andbook : {HVAC} {A}pplications},
  publisher = {{A}merican {S}ociety of {H}eating, {R}efrigerating and {A}ir-{C}onditioning {E}ngineers, {I}nc.}, 
  year = {2007}
 }
 
 @BOOK{Ashrae_Refrigeration_2006,
  author = {ASHRAE},
 title = {{H}andbook : {R}efrigeration},
  publisher = {{A}merican {S}ociety of {H}eating, {R}efrigerating and {A}ir-{C}onditioning {E}ngineers, {I}nc.}, 
  year = {2006}
 }

@BOOK{Abrahamsson_1981,
  title = {Heat from solar energy and air with storage in water and ice, {T}he {B}ramhult project in {B}oras: design, building, and performance evaluation of a {S}wedish solar energy and heat pump system for six detached houses},
  publisher = {Swedish {C}ouncil for {B}uilding {R}esearch in {S}tockholm, {S}weden},
  year = {1981},
  author = {Tore Abrahamsson and Sten Jonson and Knut-Olof Lagerkvist},
}


@book{iea_solarUpdate_2013,
title = {{Solar update. Newsletter of the International Energy Agency Solar Heating and Cooling Programme}},
shortauthor = {{IEA}},
author = {IEA-SHC},
year = {2013},
volume ={58},
}


@BOOK{hadorn_solar_2015,
  title = {Solar and {H}eat {P}ump {S}ystems for {Residential} {B}uildings},
  publisher = {Ernst \& Sohn, Wiley},
  year = {2015},
  author = {Jean Christoph Hadorn},
}

@BOOK{baehr_heat_2010,
  title = {Heat and mass transfer},
  publisher = {Springer},
  year = {2010},
  author = {Hans Dieter Baehr and Karl Stephan},
  edition = {7$^{th}$},
}

@INPROCEEDINGS{morgan_overall_1975,
  author = {V T Morgan},
  title = {The Overall Convective Heat Transfer from Smooth Circular Cylinders},
  booktitle = {Advances in Heat Transfer},
  year = {1975},
  volume = {11},
  pages = {199--264},
  address = {New York},
  publisher = {Academic Press Inc.},
}

@BOOK{duffie_solar_2006,
  title = {Solar Engineering of Thermal Processes},
  publisher = {John Wiley \& Sons},
  year = {2006},
  author = {John A. Duffie and William A. Beckman},
  edition = {3$^{rd}$},
}



@MANUAL{druck_multiport_2006,
  title = {MULTIPORT Store - Model for TRNSYS},
  author = {Harald  Dr\"{u}ck},
  organization = {Institut f\"{u}r Thermodynamik und W\"{a}rmetechnik, Universit\"{a}t
	Stuttgart},
  address = {Pfaffenwaldring 6, 70550 Stuttgart, Germany},
  year = {2006}
}


@inproceedings{newton_storage_1995,
	address = {Maui, Hawai},
	title = {Storage tank models},
      year = {1995},
	volume = {2},
	booktitle = {Proceedings of ASME/JSME International Solar Energy Conference},  
	publisher = {American Society of Mechanical Engineers},
	author = {B J Newton and M Schmid and J W Michell and  W A Beckman},
	pages = {1111--1116},
}

@Inbook{copper_heat_2002,
  author =       {Anthony Cooper and J Dennis Usher},
  title =        {Plate heat exchangers},
  booktitle =    "{Heat Exchanger Design Handbook}",
 publisher = "\textit{Heat Exchanger Design Handbook}, Hewitt G.F., Washington: {Hemisphere Publishing Corporation}",
  year =         {2002},
  pages =        {3.7.5-1},
}

@Inbook{churchill_free_2002,
  author =       "S W Churchill",
  title =        "Free convection around immersed bodies",
  booktitle =    "{Heat Exchanger Design Handbook}",
 publisher = " \textit{Heat Exchanger Design Handbook}, Hewitt G.F., Washington: {Hemisphere Publishing Corporation}",
  year =         "2002",
  pages =        "2.5.7-1--2.5.7-31",
}

@book{EisspeicherBFE_2014,
title = {Eisspeicher-{W}\"armepumpen-Anlagen mit {S}onnenkollektoren, {T}echnologiestudie},
author = {Stefan Minder and Roland Wagner and Martin M\"uhlebach and Thomas Weisskopf},
year = {2014},
volume ={Schlussbericht 15. September 2014},
journal = {Weisskopf {P}artner {G}mb{H}, Z\"urich},
language = {german},
publisher = {EnergieSchweiz, 3003 Bern}
}


@inproceedings{philippen_development_2012,
	address = {Rijeka and Opatija, Croatia},
	booktitle = {Proceedings of {E}uro{S}un},
	title = {Development of a heat exchanger that can be de-iced for the use in ice stores in solar thermal heat pump systems},
	author = {Daniel Philippen and Michel Y Haller and William Logie  and Manfred Thalmann and Stefan Brunold and Elimar Frank},
	publisher = {International Solar Energy Society (ISES)},
	year = {2012}
}

@inproceedings{bertram_impact_2012,
	address = {Rijeka and Opatija, Croatia},
	booktitle = {Proceedings of {E}uro{S}un},
	title = {Impact of solar heat pump system concepts on seasonal performance – Simulation studies},
	author = {Eric Bertram and Peter P\"arisch and R Tepe},
	publisher = {International Solar Energy Society (ISES)},
	year = {2012}
}




@inproceedings{frank_systematic_2010,
	booktitle = {Proceedings of {E}uro{S}un},
	address = {Graz, Austria},
	title = {Systematic Classification of Combined Solar Thermal and Heat Pump Systems},
	author = {Elimar Frank and Michel Y Haller and S Herkel and J Ruschenburg},
	publisher = {International Solar Energy Society (ISES)},
	year = {2010}
}

@inproceedings{haller_solare_2013,
	booktitle = {23. {S}ymposium {T}hermische {S}olarenergie, {OTTI} e. {V}.},
	address = {{R}egensburg, {K}loster {B}anz, {B}ad {S}taffelstein, {G}ermany},
	title = {{S}olare {K}ombispeicher mit {W}\"armepumpen: {S}cheinbare {D}etails entscheiden \"uber die {P}erformance!},
	author = {Michel Y Haller and Robert Haberl and Igor Mojic and Elimar Frank },
	year = {2013}
}


@article{carbonell_simulations_2014,
title = "Simulations of Combined Solar Thermal and Heat Pump Systems for Domestic Hot Water and Space Heating ",
journal = "Energy Procedia ",
volume = "48",
number = "0",
pages = "524 - 534",
year = "2014",
note = "Proceedings of the 2$^{nd}$ {I}nternational {C}onference on {S}olar {H}eating and {C}ooling for {B}uildings and {I}ndustry ({SHC} 2013) ",
issn = "1876-6102",
doi = "http://dx.doi.org/10.1016/j.egypro.2014.02.062",
url = "http://www.sciencedirect.com/science/article/pii/S1876610214003245",
author = "Daniel Carbonell and Michel Y. Haller and Daniel Philippen and Elimar Frank",
keywords = "solar and heat pumps",
keywords = "simulation "
}

@article{Loose_field_2012,
	title ={Field test of a novel combined solar thermal and heat pump system with an ice store},
	journal = {RHEVA European HVAC Journal},
	author = {Anne Loose and Harald Dr\"{u}ck},
	volume = "49",
	number = "5",
	pages = "38 - 42",
	year = "2012",
}



@article{winteler_seasonal_2014,
	author = "Christian Winteler and Ralf Dott and Thomas Afjei and Bernd Hafner",
	title = "Seasonal performance of a combined solar, heat pump and latent heat storage system",
	journal = "Energy Procedia",
	volume = "48",
	number = "0",
	pages = "689-700",	
	year = "2014",
	note = "Proceedings of the 2$^{nd}$ {I}nternational {C}onference on {S}olar {H}eating and {C}ooling for {B}uildings and {I}ndustry ({SHC} 2013) ",
issn = "1876-6102",
}

@article{hadorn_IEA_2012,
author = {Jean Christophe Hadorn},
title = {{IEA} Solar and Heat pump systems - {S}olar Heating and Cooling {T}ask44 and Heat Pump Programme {A}nnex 38},
journal = "Energy Procedia",
volume = "30",
pages = "125- 133",
year = "2012"
}

@article{egolf_physical_2005,
	series = {Ice {Slurries}},
	title = {From physical properties of ice slurries to industrial ice slurry applications},
	volume = {28},
	issn = {0140-7007},
	url = {http://www.sciencedirect.com/science/article/pii/S0140700704001367},
	doi = {10.1016/j.ijrefrig.2004.07.014},	
	number = {1},
	urldate = {2015-11-05},
	journal = {International Journal of Refrigeration},
	author = {Peter Egolf and Michael Kauffeld},
	month = jan,
	year = {2005},
	pages = {4--12},
}

@article{Tanino_predictions_1997,
author = {Masayuki TANINO, Yoshiyuki KOZAWA, Kunio HIJIKATA2, Osamu NAKABEPPU2},
title = {Prediction of ice storage process in dynamic-type ice storage system},
journal = "Transactions of the Japan Society of Refrigerating and Air Conditioning (JSRAE)",
volume = "14",
number = "1",
pages = "87- 95",
year = "1997"
}

@book{Kauffeld_fundamentals_2005,
	title = {Handbooks on Ice Slurries: Fundamentals and Engineering},		
	publisher = {International Institute of Refrigeration (IIR), Paris},
	author = {Michael Kauffeld and M Kawaji and Peter Egolf},
	year = {2005}
}


@inproceedings{haller_potential_2011,
	address = {Kassel, Germany},
	title = {On the Potential of Using Heat from Solar Thermal Collectors for Heat Pump Evaporators},
	author = {Michel Y Haller and Elimar Frank.},
	booktitle = {Proceedings of Solar World Congress},
	publisher = {International Solar Energy Society (ISES)},
	year = {2011}
}

@inproceedings{carbonell_simulation_2014b,
	address = {Aix les Bains, France},
	title = {Simulation of Combined Solar Thermal, Heat Pump, Ice Storage and Waste Water Heat Recovery Systems.
{D}esign Criteria and Parametric Studies.},
	author = {Daniel Carbonell and Daniel Philippen and  Martin Granzotto and Michel Y. Haller and Elimar Frank},
	booktitle = {Proceedings of {E}uro{S}un},
	publisher = {International Solar Energy Society (ISES)},
	year = {2014}
}

@inproceedings{carbonell_experimental_2016,
	address = {Palma (Mallorca), Spain},
	title = {EXPERIMENTAL INVESTIGATIONS OF HEAT EXCHANGERS IN ICE STORAGES FOR COMBINED SOLAR AND HEAT PUMP SYSTEMS.},
	author = {Daniel Carbonell and  Martin Granzotto and Mattia Battaglia and Daniel Philippen  and Michel Y. Haller},
	booktitle = {11$^{th}$ {ISES} {E}uro{S}un {C}onference},
	publisher = {International Solar Energy Society (ISES)},
	year = {2016}
}

@inproceedings{carbonell_numerical_2012,
	address = {Rijeka and Opatija, Croatia},
	title = {Numerical analysis of heat pump models. {C}omparative study between equation-fit and refrigerant cycle based models},
	author = {Daniel Carbonell and Jordi Cadafalch and  Peter Paerish and Ricard C\'onsul},
	booktitle = {Proceedings of {E}uro{S}un: {I}nternational {C}onference on {S}olar  {E}nergy and {B}uildings},
	publisher = {International {S}olar {E}nergy {S}ociety ({ISES})},	
	note = { },
	year = {2012},
}


@inproceedings{haller_solar_2014,
	address = {Montreal, Canada},
	title = {SOLAR AND HEAT PUMP SYSTEMS – SUMMARY OF SIMULATION
RESULTS OF THE {IEA} {SHC} {T}ASK 44/{HPP} {A}NNEX 38},
	author = {Michel Y Haller and Daniel Carbonell and Igor Mojic and Christian Winteler  and Erik Bertram  and Mircea Bunea and Werner Lerch and Fabian Ochs.},
	booktitle = {Proceedings of the 11$^{th}$ {IEA} {H}eat {P}ump {C}onference},
	year = {2014}
},

@techreport{Haller_T44_2012,
	title = {The reference framework for system simulation of the {IEA SHC} {T}ask44/{HPP A}nnex 38: {P}art {A} : General simulation boundary conditions},		
	number = {IEA-SHC Task44 Subtask C},
	url = {www.iea-shc.org/task44},
	author = {Michel Y Haller and Ralf Dott and J Ruschenburg and Fabian Ochs and J Bony},
	year = {2012}
}

@techreport{Herkel_T44_2014,
	title = {Reporting Field Test Results},		
	number = {IEA-SHC Task44 Subtask A},
	url = {www.iea-shc.org/task44},	
	author = {Sebastian Herkel and J\{o}rn Ruschenburg},
	year = {2014}
}


@techreport{Dott_T44_2012,
	title = {The reference framework for system simulation of the {IEA SHC} {T}ask44/{HPP A}nnex 38: {P}art {B} : Building and space heat load},		
	number = {IEA-SHC Task44 Subtask C},
	url = {www.iea-shc.org/task44},
	author = {Ralf Dott and Michel Y Haller and J Ruschenburg and Fabian Ochs and J Bony},
	year = {2012}
}

@book{Malenkovic_T44_2012,
	title = {Definition of main system boundaries and performance figures for reporting on SHP systems},		
	publisher = {IEA-SHC Task44 Subtask B},
	url = {www.iea-shc.org/task44},
	
	author = {Ivan Malenkovic and Sara Eicher and J Bony},
	year = {2012}
}

@techreport{EN_2006,
	title = {{T}hermal solar systems and components - {S}olar collectors.},
	number = {{E}uropean {C}ommittee for {S}tandardization. {EN}12975},
	year = {2006},
}

@techreport{Perers_T26_2002,
	title = {{A Solar Collector Model for TRNSYS Simulation and
System Testing}},		
	number = {IEA-SHC Task26 Subtask B},
	url = {www.iea-shc.org/task26},
	address = {www.iea-shc.org/task26},
	author = {Beng Perers and Chris Bales},
	year = {2002}
}




@book{SOLHEAP_2014,
	title = {{SOL-HEAP} - {S}olar and {H}eat {P}ump {C}ombisystems},		
	publisher = {Institut f\"ur {S}olartechnik {SPF} for {S}wiss {F}ederal {O}ffice of {E}nergy ({SFOE}), {R}esearch {P}rogramme {S}olar {H}eat and {H}eat {S}torage, {CH}-3003 {B}ern},	
	author = {Michel Yves Haller and Robert Haberl and  Daniel Carbonell and  Daniel Philippen and Elimar Frank},
	year = {2014}
}

@book{HIGHICE_2015,
	title = {{High-Ice} - System development for high solar
thermal gains with ice storage and heat pump},		
	publisher = {Institut f\"ur {S}olartechnik {SPF} for {S}wiss {F}ederal {O}ffice of {E}nergy ({SFOE}), {R}esearch {P}rogramme {S}olar {H}eat and {H}eat {S}torage, {CH}-3003 {B}ern},	
	author = {Daniel Philippen and Daniel Carbonell and Marting Granzotto and Daniel Zenh\"ausern  and Michel Yves Haller and Stefan Brunold},
	year = {2015}
}

@book{RESOTECH_2016,
	title = {{ReSoTech} - Reduction of Market Prices of Solar Thermal Systems due to New Technological Approaches – Phase 1: Analysis of Potentials and Possible},		
	publisher = {Institut f\"ur {S}olartechnik {SPF} for {S}wiss {F}ederal {O}ffice of {E}nergy ({SFOE}), {R}esearch {P}rogramme {S}olar {H}eat and {H}eat {S}torage, {CH}-3003 {B}ern},	
	author = {Daniel Philippen and Marco Caflish and Stefan Brunold and Michel Yves Haller},
	year = {2016}
}

@article{tamasauskas_modeling_2012,
	title = {Modeling and optimization for a solar assisted heat pump using ice slurry as a latent storage material},
	journal = {Solar Energy},
	volume = {86},
	pages = {3316-3325},	
	author = {Justin Tamasauskas and Michel Poirier and Radu Zmeureanu and Roberto Suny\'{e}},
	year = {2012}
}

@article{qiqi_simulation_2008,
	title = {A simulation study on a solar heat pump heating system with seasonal latent storage},
	journal = {Solar Energy},
	volume = {82},
	pages = {669-675},	
	author = {Qi Qi and Deng Shiming and Jiang Yiqiang},
	year = {2008}
}



@article{trinkl_simulation_2009,
	title = {Simulation study on a Domestic {Solar/Heat} Pump Heating System Incorporating Latent and Stratified Thermal Storage},	
	author = {Christoph Trinkl and Wilfried Z\"{o}rner and Vic Hanby},
	journal = {Journal of Solar Energy Engineering},
	year = {2009},
	volume = {131},
	pages = {041008}
}

@inproceedings{trinkl_review_2004,
	address = {Freiburg, Germany},
	title = {A Review on Solar-Assisted Heat Pump Systems for Domestic Heating},
	author = {Christoph Trinkl and Wilfried Z\"{o}rner and Vic Hanby},
	booktitle = {Proceedings of {E}uro{S}un},
	publisher = {International Solar Energy Society (ISES)},
	
	year = {2004}
}

@article{ruschenburg_statistical_2013,
	title = {A statistical analysis on market-available solar thermal heat pump systems},	
	author = {J\"{o}rn Ruschenburg and Sebastian Herkel and Hans-Martin Henning},
	journal = {Solar Energy},
	year = {2013},
	volume = {95},
	pages = {79-89}
}


@book{patankar_numerical_1980,
  title = {Numerical heat transfer and fluid flow},
  publisher = {Hemisphere publishing corporation},
  year = {1980},
  author = {Suhas V. Patankar},
}

@book{mehling_heat_2008,
  title = {Heat and cold storage with PCM: an up to date introduction into basics and applications.},
  publisher = {Berlin Heidelberg: Springer-Verlag},
  year = {2008},
  author = {H Mehling and Luisa Cabeza},
}

@techreport{solarUpdate_IEA_2013,
	title = {{S}olar update},		
	author = {{N}ewsletter of the {I}nternational {E}nergy {A}gency {S}olar {H}eating and {C}ooling {P}rogramme},		
	volume = {58},
	year = {2013}
}

@phdthesis{hirsch_latentwarmespeicher_2010,
	type = {Bachelor},
	title = {{L}atentw\"{a}rmespeicher auf {Wasser/Eis-Basis} mit horizontaler {W}\"{a}rme\"{u}bertragungsfläche},
	school = {{FH} {N}ordhausen, {G}ermany and {I}nstitut f\"{u}r {S}olartechnik {SPF}, {S}witzerland},
	author = {H Hirsch},
	year = {2010}
}

@article{jekel_modeling_1993,
	title = {Modeling of ice storage tanks},
	volume = {99},
	number = {1},
	journal = {{ASHRAE} Transactions},
	author = {T B Jekel and J W Mitchell and S A Klein},
	year = {1993},
	pages = {1016--1024},
}

@article{drees_modeling_1995,
	title = {Modeling of Area-Constrained Ice Storage Tanks},
	volume = {1},
	issn = {1078-9669},	
	number = {2},	
	journal = {{HVAC\&R} {R}esearch},
	author = {Kirk H Drees and James E Braun},
	year = {1995},
	pages = {143--158},
}

@article{lee_modeling_1996,
	title = {Modeling of an ice-on-coil thermal energy storage system},
	volume = {37},	
	number = {10},
	journal = {Energy Conversion and Management},
	author = {Alex H W Lee and Jerold W Jones},
	year = {1996},	
	pages = {1493--1507},
}	

@article{cadafalch_modelling_2015,
	title = {Modelling of storage tanks with immersed heat exchangers},
	volume = {112},		
	journal = {Solar Energy},
	author = {Jordi Cadafalch and Daniel Carbonell and Ricard C\'onsul and R Ruiz},
	year = {2015},	
	pages = {154--162},
}	

@phdthesis{drueck_mathematische_2007,
	type = {Ph{D} {T}hesis},
	title = {{M}athematische {M}odellierung und experimentelle {P}r\"ufung von {W}armwasserspeichern f\"ur {S}olaranlagen},
	school = {Aachen, {G}ermany},
	author = {Harald Dr\"uck},
	year = {2007}
}

@techreport{rhc_common_2011,
	author= {{RHC} {{E}uropean {T}echnology {P}latform on {R}enewable {H}eating and {C}ooling}},	
	shortauthor = {{RHC}},		
	title = {2020-2030-2050. {C}ommon {V}ision for the {R}enewable {H}eating and {C}ooling sector in {E}urope},			
	year = {2011}
}



@techreport{TRNSYS17,
	author= {{Klein et al.}},	
	title = {TRNSYS 17: A Transient System Simulation Program, Solar Energy Laboratory},		
	year = {2010},	
	institution = {University of Wisconsin, Madison, USA, http://sel.me.wisc.edu/trnsys}
}


@article{carbonell_dynamic_2013,
author = {Daniel Carbonell and Jordi Cadafalch and Ricard C\'onsul},
title = {Dynamic modelling of flat plate solar collectors. {A}nalysis and validation under thermosyphon conditions},
journal = "Solar Energy",
Volume = "89",
pages = "100- 112",
year = "2013"
}

@UNPUBLISHED{ISOType5897,
author = {Antoine Leconte and David Ch\`eze  and Xavier Jobard},
year = {2014},
title = {{TYPE} 5897 - {ISO} BUILDING MODEL, Model description},
note = {unpublished}
}

@UNPUBLISHED{CollectorType832,
author = {Michel  Y. Haller and Bengt  Perers and David Bales  and  Janne Paavilainen and Antoine Dalibard and Stefan Fischer and Erik Bertram},
year = {2014},
title = {{TRNSYS TYPE} 832 - Dynamic collector model},
note = {unpublished}
}


@techreport{EN12975,
	type = {European Standard},
	key = {EN12975, 2006.},
	year = {2006},
	title = {Thermal solar systems and components - Solar collectors.},
	institution = {European Committee for Standardization}
}



@techreport{ISO13790,
	type = {Standard},
	key = {ISO 13790:2008 (D)},
	month = oct,
	year = {2008},
	title = {Energy performance of buildings -- Calculations of energy use for space heating},
	volume = {2000},
	address = {Br\"ussel, BE},
	institution = {European Committee for Standardization}
}


@techreport{Afjei_yearly_1995,
title = {Yearly Utilization Model YUM WP, HolzBenutzerhandbuch mit Beispielen},
author ={Thomas Afjei and Michael Wetter},
number = {INFEL/KRE, Z\"urich},
year = {1995}
}

@article{paerisch_investigations_2014,
author = {Peter Paerisch and Oliver Mercker and Jonas Warmuth and Rainer Tepe and Erik Bertram and Gunter Rockendorf},
title = {Investigations and model validation of a ground-coupled heat pump for the combination with solar collectors},
journal = "Applied Thermal Engineering",
Volume = "62",
pages = "375-381",
year = "2014"}

@Misc{scipy,
  author =    {Eric Jones and Travis Oliphant and Pearu Peterson and others},
  title =     {{SciPy}: Open source scientific tools for {Python}},
  year =      {2001},
  url = "http://www.scipy.org/",
}


%%%%%%%%%%%%%%%%%%%%%%%%%%%%%%%%%%%%%%%%%%%%%%%%%%%%%%%%%%%%%%%%%%%%%%%%%%%%%%%%%%%%%%%%%%%%%%%%%%%%%%%%%%%%%%%%%%%%%%%
LCA Bibliography%%%%%%%%%%%%%%%%%%%%%%%%%%%%%%%%%%%%%%%%%%%%%%%%%%%%%%%%%%%%%%%%%%%%%%%%%%%%%%%%%%%%%%%%%%%%%%%%%%%%%%%
%%%%%%%%%%%%%%%%%%%%%%%%%%%%%%%%%%%%%%%%%%%%%%%%%%%%%%%%%%%%%%%%%%%%%%%%%%%%%%%%%%%%%%%%%%%%%%%%%%%%%%%%%%%%%%%%%%%%%%%

@techreport{Frischknecht2005,
author = {R. Frischknecht},
title = {{Methoden der Umweltbewertung technischer Systeme: Ökobilanzen}},
institution = {ETH Zürich, Studiengang Umweltnaturwissenschaften},
year = {2005}
}

@book{Ahbe1990,
  title={Methodik f{\"u}r {\"O}kobilanzen auf der Basis {\"o}kologischer Optimierung},
  author={S Ahbe and A Braunschweig and R M\"{u}ller-Wenk},
  series={Schriftenreihe Umwelt},
  url={http://books.google.ch/books?id=gtktcgAACAAJ},
  year={1990},
  publisher={Bundesamt f{\"u}r Umwelt, Wald und Landschaft}
}

@techreport{UBP2006,
    address = {Bern, Switzerland},
    author = {R Frischknecht and R Steiner and N Jungbluth},
    institution = {Bundesamt f\"{u}r Umwelt BAFU},
    publisher = {Federal Office for the Environment FOEN},
    title = {{The Ecological Scarcity Method – Eco-Factors 2006 - A method for impact assessment in LCA}},
    url = {http://www.bafu.admin.ch/publikationen/publikation/01031/index.html?lang=en},
    year = {2009}
}


@techreport{IPCC2007,
	key = {IPCC},
    institution = {Intergovernmental Panel on Climate Change},
    keywords = {climate-change},
    title = {Climate Change 2007 - The Physical Science Basis: Working Group 1 Contribution to the Fifth Assessment Report of the IPCC},
    url = {http://www.ipcc.ch/report/ar5/wg1/},
    year = {2007}
}


@techreport{Ecoinvent3,
    address = {St. Gallen (CH)},
    author = {B P Weidema and C Bauer and R Hischier and C Mutel and T Nemecek and J Reinhard and C O Vadenbo and G Wernet },
    institution = {Swiss Centre for Life Cycle Inventories},
    title = {{Overview and Methodology, Data quality guidline for the ecoinvent database version 3}},
    year = {2013}
}

@techreport{Ecoinvent2_6-IX,
    address = {Dübendorf (CH)},
    author = {N Jungbluth},
    institution = {Swiss Centre for Life Cycle Inventories},
    title = {{Sonnenkollektor-Anlagen. ecoinvent report No. 6-XI}},
    year = {2007}
}



@techreport{Ecoinvent2_3,
    address = {Dübendorf (CH)},
    author = {{Hischier et al.}},
    institution = {Swiss Centre for Life Cycle Inventories},
    title = {{Implementation of Life Cycle Impact Assessment Methods. ecoinvent report No. 3, v2.2}},
    year = {2010}
}

@techreport{Ecoinvent2_6-X,
    address = {Dübendorf (CH)},
    author = {T Heck},
    institution = {Paul Scherrer Institut, Swiss Centre for Life Cycle Inventories},
    title = {{Wärmepumpen. ecoinvent report No. 6-X}},
    year = {2010}
}

@techreport{Ecoinvent2_13,
    address = {Dübendorf (CH)},
    author = {G Doka},
    institution = {Swiss Centre for Life Cycle Inventories},
    title = {{Life Cycle Inventories of Waste Treatment Services. ecoinvent report No. 13}},
    year = {2009}
}


@techreport{Stucki2010,
    address = {Uster (CH)},
    author = {M Stucki and N Jungbluth},
    institution = {ESU-services Ltd.},
    title = {{Update of the Life Cycle Inventories of Solar Collectors}},
    year = {2010}
}

@techreport{SimaProDBManual,
    address = {Amersfoort (NL)},
    author = {{Pr\'e Consultants}},
    institution = {Pr\'e Consultants},
    title = {{SimaPro Database Manual Methods Library, version 2.7}},
    year = {2014}
}

@techreport{Simapro8,
  address = {Amersfoort (NL)},
  author = {{Pr\'e~Consultants}},	
  title = {SimaPro LCA Software Version 8},		
	year = {2014},
	institution = {Pr\'e Consultants},
	url = {www.pre-sustainability.com}
}



@techreport{Task44Ann38,
author = {S Eicher and J Bony},
publisher={IEA SHC Task 44 / HPP Annex 38},
title = {{Definition of Main System Boundaries and Performance Figures for Reporting on SHP Systems}},
year = {2012},
}

@techreport{Erb2004,
author = {M Erb and P Hubacher and M Ehrbar},
title = {{Feldanalyse von Wärmepumpenanlagen FAWA 1996-2003}},
institution = {Bundesamt für Energie BfE},
year = {2004}
}



@inproceedings{Lovvorn2001,
author = {N C Lovvorn},
title = {Reliability and Lifetime of Residential Heat Pumps},
booktitle = {Proceedings of Joint HPC and IPUHPC Workshop "Hands-On Experience with Heat Pumps for Buildings"},
year = {2001},
venue = {Arnhem (NL)}
}


%%%%%%%%%%%%%%%%%%%%%%%%%%%%%%%%%%%%%%%%%%%%%%%%%%%%%%%%%%%%%%%%%%%%%%%%%%%%%%%%%%%%%%%%%%%%%%%%%%%%%%%%%%%%%%%%%%%%%%%%%%%%%%%%%%%%%%%%%%%%%%%%%%%%%%%%%%%%%%%%%%%%%%%%%%%%%%%%%%%%%%%%%%%%%%%%%%%%%%%%%%%%%%%%%%%%%%%%%%%%%%%%%%%%%%%%%%%%%%%%%%%%%%%%%%%%%%%%%%%%%%%%%%%%%%%%%%%%%%%%%%%%%%%%%%%%%%%%%%%%%%%%%%%%%%%%%%%%%%%%%



@article{philippen_simulation_2015,
title = "Simulation of a solar-ice system for heating
applications. {P}art {II}: system concept, cost and {LCA} analyses",
journal = "Energy and Buildings",
volume = "00",
number = "0",
pages = "00 - 00",
year = "2015",
note = "submitted",
author = {Daniel Philippen and Daniel Carbonell and Daniel Zenh\"ausern and Michel Yves Haller},
}


@article{carbonell_simulation_2016,
title = "Simulation of a solar-ice system for heating
applications. {S}ystem validation with one-year of monitoring data",
journal = "Energy and Buildings",
volume = "127",
number = "0",
pages = "846 - 858",
year = "2016",
note = "",
author = {Daniel Carbonell  and Daniel Philippen and Martin Granzotto and Michel Yves Haller},
}


@article{carbonell_potential_2014,
title = "Potential Benefit of Combining Heat Pumps with Solar Thermal for Heating and Domestic Hot Water Preparation ",
journal = "Energy Procedia ",
volume = "57",
number = "0",
pages = "2656 - 2665",
year = "2014",
note = "2013 ISES Solar World Congress ",
issn = "1876-6102",
doi = "http://dx.doi.org/10.1016/j.egypro.2014.10.277",
url = "http://www.sciencedirect.com/science/article/pii/S1876610214016440",
author = "D. Carbonell and M.Y. Haller and E. Frank",
keywords = "solar thermal",
keywords = "heat pumps "
}

@article{haller_hydraulic_2014,
title = "Hydraulic Integration and Control of Heat Pump and Combi-storage: Same Components, Big Differences ",
journal = "Energy Procedia ",
volume = "48",
number = "0",
pages = "571 - 580",
year = "2014",
note = "Proceedings of the 2$^{nd}$ International Conference on Solar Heating and Cooling for Buildings and Industry (SHC 2013) ",
issn = "1876-6102",
doi = "http://dx.doi.org/10.1016/j.egypro.2014.02.067",
url = "http://www.sciencedirect.com/science/article/pii/S1876610214003294",
author = "Michel Y. Haller and Robert Haberl and Igor Mojic and Elimar Frank",
keywords = "solar thermal",
keywords = "heat pumps",
keywords = "combi-storage",
keywords = "hydraulics",
keywords = "control "
}


@techreport{Haller_T44_intercomparison_2012,
	title = {Intercomparison of System Simulation Results for the {IEA SHC} {T}ask44/{HPP A}nnex 38.},		
	number = {IEA-SHC Task44 Subtask C},
	url = {www.iea-shc.org/task44},	
	author = {Michel Y Haller},
	year = {2012}
}

@book{Heilemann_2013,
author = {Sascha Heilemann and Michael Haupt and Chistian Oehr},
title = {Eisspeicher mit verbessertem W\"armetauscher, Offenlegungsschrift DE  10 2012 208  941  A1  2013.12.19},
institution =  {Fraunhofer-Gesellschaft  zur  F\"orderung  der angewandten  Forschung  e.V., 80686, M\"unchen, DE},
publisher = {{D}eutsches {P}atent- und  {M}arkenamt},
year = {2013}
}




@book{Egli_1944,
author = {Max Egli},
title = {Verfahren zum Betrieb einer Wärmepumpenanlage, Patent Nr. 231449},
publisher = {{S}chweizer {P}atentamt},
year = {1944}
}



@book{Schrammel_1986,
author = {Dieter Schrammel},
title = {Vefahren zm Abl\"osen des Eisansatzes beim Abtauen eines W\"armetauschers einer W\"armepumpenanlage, DE 2637784 C2},
publisher = {{D}eutsches {P}atent- und  {M}arkenamt},
year = {1986}
}



@book{Hegele_2002,
author = {Franz Hegele},
title = {Verfahren zur Eiserzeugung mit einer W\"armepumpe, insbesondere zur Geb\"audeklimatisierung und  K\"uhlung von Lebensmitteln, DE 198 39 867 C2},
publisher = {{D}eutsches {P}atent- und  {M}arkenamt},
year = {2002}
}


@book{Senghas_2015,
author = {Werner Senghas},
title = {Energiespeichersystem mit einem Eisspeicher, DE 10 2013 213 823 A1},
publisher = {{D}eutsches {P}atent- und  {M}arkenamt},
year = {2015}
}



@book{Heinz_2013,
author = {Andreas Heinz and Werner Lerch and Johann Breidler and Christian Fink and Waldemar Wagner},
title = {W\"armer\"uckgewinnung aus {A}bwasser im {N}iedrigenergie- und {P}assivhaus: {P}otenzial und {K}onzepte in {K}ombination mit {S}olarthermie und {W}\"armepumpe, {WRG}pot},
institution =  {Technische Universit\"at Graz, {I}nstitut f\"ur {W}\"armetechnik & AEE INTEC},
publisher = {im Auftrag des Bundesministeriums f\"ur Verkehr, Innovation und Technologie, {\"O}sterreich},
year = {2013}
}



@inproceedings{philippen_auslegung_2014,
address = {Kloster {B}anz, {G}ermany},
booktitle = {24. OTTI {S}ymposium {T}hermische {S}olarenergie},
title = {{A}uslegung und {B}etrieb einer hocheffizienten {S}olarthermie-{W}\"armepumpen-{H}eizung mit {E}isspeicher},
author = {Daniel Philippen and Daniel Carbonell and Michel Y Haller and  Elimar Frank and Stefan Brunold},	
year = {2014}
}




@book{vdi2067_2012,
title = {VDI-Richtlinie, Economic efficiency of building installations, Fundamentals and economic calculation, Part 1},
author = {{VDI}},
year = {2012},
volume ={},
}



@book{bkd_1985,
title = {{Baukostendaten 1985, Rentenbarwert- und wahre Mittelwertfaktoren}},
author = {Heinz Bangerter},
year = {1985},
publisher = {Band 1}
}


@article{Treyer2014,
year={2014},
issn={0948-3349},
journal={The International Journal of Life Cycle Assessment},
doi={10.1007/s11367-013-0694-x},
title={Life cycle inventories of electricity generation and power supply in version 3 of the ecoinvent database—part II: electricity markets},
url={http://dx.doi.org/10.1007/s11367-013-0694-x},
publisher={Springer Berlin Heidelberg},
keywords={Country specific; ecoinvent v3; Electricity markets; Electricity mix},
author={Karin Treyer and Christian Bauer},
pages={1-14},
language={English}
}



@techreport{SIA_M2040,
                title = {{SIA-Effizienzpfad Energie}},                      
                number = {{S}chweizerischer {I}ngenieur- und {A}rchitektenverein, {M}erkblatt 2040},
                author = {Katrin Pf\"affli and Hansruedi Preisig},
                year = {2011}
}


@techreport{SIA_M2028,
                title = {{Klimadaten f\"ur Bauphysik, Energie- und Geb\"audetechnik}},
                number = {{S}chweizerischer {I}ngenieur- und {A}rchitektenverein, {M}erkblatt 2028},
                author = {Gerhard Zweifel},
                year = {2010}
}

 @phdthesis{causi_2014,
	type = {{B}achelor {T}hesis},
	title = {Simulation und {V}ergleich von {W}\"armepumpen-{H}eizungen welche {E}rdsonden respektive {E}isspeicher und {S}olarkollektoren als {W}\"armequellenutzen},
	school = {{H}ochschule f\"ur {T}echnik {R}apperswil,{I}nstitut f\"{u}r {S}olartechnik {SPF}, {S}witzerland},
	author = {Arian Causi},
	year = {2010}
}

@techreport{SIA_D0236,
                title = {{SIA-Effizienzpfad Energie}, {E}rg\"anzungen und {F}allbeispiele zum {M}erkblatt {SIA} 2040},                  
                number = {{S}chweizerischer {I}ngenieur- und {A}rchitektenverein, {D}okumentation 0236},
                author = {Katrin Pf\"affli and Hansruedi Preisig},
                year = {2011}
}
@techreport{SIA_D2024,
                title = {{S}tandard-{N}utzungsbedingungen f\"ur die {E}nergie- und {G}eb\"audetechnik},                  
                number = {{S}chweizerischer {I}ngenieur- und {A}rchitektenverein, {M}erkblatt 2024},
                author = {Christian Schneider},
                year = {2015}
}
 %institution = {{EnergieSchweiz f\"ur Gemeinden}},
 
@techreport{2000W,
    author = {{EnergieSchweiz}},  
    title = {{Grundlagen f\"ur ein Umsetzungskonzept der 2000-Watt-Gesellschaft. Ein Gemeinschaftsprojekt von Stadt Z\"urich, Bundesamt f\"ur Energie, EnergieSchweiz f\"ur Gemeinden und Novatlantis}},
    year = {2008}
}


@book{vdi-warmeatlas,
	title = {{VDI}-{Wärmeatlas}},
	url = {http://www.springer.com/de/book/9783642199806},
	year = {2006},
	author = {Peter Stephan},
	institution = {VDI-Gesellschaft Verfahrenstechnik und Chemieingenieurwesen, D\"usseldorf, Deutschland},
	publisher = {{VDI} e.{V}. {\textbar} {Springer}}
}

@article{carbonell_experimental_2018,
author = "Daniel Carbonell and Mattia Battaglia and Daniel Philippen and Michel Y Haller",
title = "Numerical and experimental evaluation of ice storages with ice on capillary
mat heat exchangers for solar-ice systems",
journal = "International Journal of Refrigeration",
volume = "88",
number = "",
pages = "383-401",
year = "2018",
note = "",
issn = "",
}

@book{ICEEX_2017,
	title = {{Ice-Ex} - Heat Exchanger Analyses for Ice Storages in Solar and Heat Pump  Applications},		
	publisher = {Institut f\"ur {S}olartechnik {SPF} for {S}wiss {F}ederal {O}ffice of {E}nergy ({SFOE}), {R}esearch {P}rogramme {S}olar {H}eat and {H}eat {S}torage, {CH}-3003 {B}ern},	
	author = {Daniel Carbonell and Mattia Battaglia and Daniel Philippen Daniel and Michel Yves Haller},
	year = {2017}
}

@book{IMMOGAP_2018,
	title = {{ImmoGap} -Einfluss der Kombination aus Nutzerverhalten und Geb\"audetechnik auf den Performance Gap bei Mehrfamilienh\"auser},		
	publisher = {Institut f\"ur {S}olartechnik {SPF} for {S}wiss {F}ederal {O}ffice of {E}nergy ({SFOE}), {R}esearch {P}rogramme Buildings, {CH}-3003 {B}ern},	
	author = {Igor Mojic and Mauro Luzzatto and Meta Lehmann and Michael Benz and Stefan van Velsen and Michel Yves Haller},
	year = {2018}
}


@inproceedings{carbonell_cost_2017,
title = "Cost energetic analyses of ice storage heat exchangers in solar-ice systems",
address = {Abu Dhabi, United Arab Emirates},
booktitle = {ISES Conference Proceedings. {I}nternational {C}onference on {S}olar {H}eating and {C}ooling for {B}uildings and {I}ndustry ({SHC} 2017) },
author = "Daniel Carbonell and Daniel Philippen and Mattia Battaglia and Michel Y. Haller",
year = {2017}
}

@techreport{LoadProfile2010,
	author= {Noah Plugradt},	
	title = {Load Profile Generator},		
	year = {2010},	
	institution = {Version 1.3.5. TU Chemnitz, Prof. Technische thermodynamik, Germany.}
}