@article{ismail_parametric_2001,
	title = {Parametric study of solidification of {PCM} around a cylinder for ice-bank applications},
	volume = {24},
	year = {2001},
	issn = {0140-7007},
	doi = {10.1016/S0140-7007(00)00059-1},	
	pages = {809--822},
	number = {8},
	journal = {International Journal of Refrigeration},
	shortjournal = {International Journal of Refrigeration},
	author = {Kamal A. R. Ismail and Antonio Batista de Jesus},	
}

@article{ismail_numerical_1999,
	title = {A numerical and experimental study on a parallel plate ice bank},
	volume = {19},
	issn = {1359-4311},
	doi = {10.1016/S1359-4311(98)00024-6},	
	pages = {163--193},
	number = {2},
	journal = {Applied Thermal Engineering},
	shortjournal = {Applied Thermal Engineering},
	author = {Kamal A. R. Ismail and O.C. Quispe and J. R. Henr\'iquez},	
	year = {1999},	
}

@article{Koller_experimental_2012,	
	title = {Experimental and theoretical investigations of solidification and melting of ice for the design and operation of an ice store},
	volume = {35},	
	number = {1},	
	journal = {International Journal of Refrigeration},
	author = {Torsten Koller and Klaus Spindler and Hans M\"{u}ller-Steinhagen},	
	year = {2012},
	pages = {1253--1265},
}

@article{vick_model_1996,
	title = {Model of an ice-on-coil brine thermal storage component},
	volume = {102},
	number = {1},
	journal = {{ASHRAE} Transactions},
	author = {Brian Vick and Douglas J. Nelson and Xianhui Yu},
	year = {1996},
	pages = {45--54},
}

@article{nelson_validation_1996,
	title = {Validation of the Algorithm for Ice-on-Pipe Brine Thermal Storage Systems},
	volume = {102},
	number = {1},
	journal = {{ASHRAE} Transactions},
	author = {Douglas J. Nelson and Brian Vick and Xianhui Yu},
	year = {1996},
	pages = {55--62},
}

@article{neto_deterministic_1997,
	title = {Deterministic model for an internal melt ice-on-coil thermal storage tank},
	volume = {103},
	number = {1},
	journal = {{ASHRAE} Transactions},
	author = {Jose H.M. Neto and Moncef Krarti},
	year = {1997},
	pages = {113--124},
}

@article{neto_experimental_1997,
	title = {Experimental Validation of a Numerical Model for an Internal Melt Ice-on-Coil Thermal Storage Tank},
	volume = {103},
	number = {1},
	journal = {{ASHRAE} Transactions},
	author = {Jose H.M. Neto and Moncef Krarti},
	year = {1997},
	pages = {125--138},
}

@article{kiatreungwattana_evaluation_2002,
	title = {Evaluation of an Internal Melt Ice-on-Coil Storage Tank During Partial Charging and Discharging Cycles},
	volume = {108},
	number = {1},
	journal = {{ASHRAE} Transactions},
	author = {Kosol  Kiatreungwattana and Moncef Krarti },
	year = {2002},
	pages = {1061--1071},
}



@article{carbonell_modeling_2015,
author = "Daniel Carbonell and Daniel Philippen and Michel Y Haller and Elimar Frank",
title = "Modeling of an ice storage based on a de-icing concept for solar heating applications ",
journal = "Solar Energy ",
volume = "121",
number = "",
pages = "2-16 ",
year = "2015",
note = "",
issn = "0038-092X",
keywords = "Ice storage",
keywords = "Modeling",
keywords = "Solar and heat pumps",
keywords = "Solar-ice "
}


@article{carbonell_modeling_2016,
author = "Daniel Carbonell and Daniel Philippen and Michel Y Haller",
title = "Modeling of an ice storage buried in the ground for solar heating applications. {V}alidations with one year of monitored data from a pilot plant",
journal = "Solar Energy",
volume = "125",
pages = "398-414",
year = "2016",
}

@article{logie_transient_2013,
author = "William R Logie and Elimar Frank",
title = "A transient immersed coil heat exchanger model",
journal = "Journal of Solar Energy Engineering",
volume = "135",
pages = "041006",
year = "2013",
}




@BOOK{Abrahamsson_1981,
  title = {Heat from solar energy and air with storage in water and ice, {T}he {B}ramhult project in {B}oras: design, building, and performance evaluation of a {S}wedish solar energy and heat pump system for six detached houses},
  publisher = {Swedish {C}ouncil for {B}uilding {R}esearch in {S}tockholm, {S}weden},
  year = {1981},
  author = {Tore Abrahamsson and Sten Jonson and Knut-Olof Lagerkvist},
}


@book{iea_solarUpdate_2013,
title = {{Solar update. Newsletter of the International Energy Agency Solar Heating and Cooling Programme}},
shortauthor = {{IEA}},
author = {IEA-SHC},
year = {2013},
volume ={58},
}

@BOOK{hadorn_solar_2015,
  title = {Solar and {H}eat {P}ump {S}ystems for {Residential} {B}uildings},
  publisher = {Ernst \& Sohn, Wiley},
  year = {2015},
  author = {Jean Christoph Hadorn},
}



@book{EisspeicherBFE_2014,
title = {Eisspeicher-{W}\"armepumpen-Anlagen mit {S}onnenkollektoren, {T}echnologiestudie},
author = {Stefan Minder and Roland Wagner and Martin M\"uhlebach and Thomas Weisskopf},
year = {2014},
volume ={Schlussbericht 15. September 2014},
journal = {Weisskopf {P}artner {G}mb{H}, Z\"urich},
language = {german},
publisher = {EnergieSchweiz, 3003 Bern}
}


@inproceedings{philippen_development_2012,
	address = {Rijeka and Opatija, Croatia},
	booktitle = {Proceedings of {E}uro{S}un},
	title = {Development of a heat exchanger that can be de-iced for the use in ice stores in solar thermal heat pump systems},
	author = {Daniel Philippen and Michel Y Haller and William Logie  and Manfred Thalmann and Stefan Brunold and Elimar Frank},
	publisher = {International Solar Energy Society (ISES)},
	year = {2012}
}

@article{Loose_field_2012,
	title ={Field test of a novel combined solar thermal and heat pump system with an ice store},
	journal = {RHEVA European HVAC Journal},
	author = {Anne Loose and Harald Dr\"{u}ck},
	volume = "49",
	number = "5",
	pages = "38 - 42",
	year = "2012",
}

@article{winteler_seasonal_2014,
	author = "Christian Winteler and Ralf Dott and Thomas Afjei and Bernd Hafner",
	title = "Seasonal performance of a combined solar, heat pump and latent heat storage system",
	journal = "Energy Procedia",
	volume = "48",
	number = "0",
	pages = "689-700",	
	year = "2014",
	note = "Proceedings of the 2$^{nd}$ {I}nternational {C}onference on {S}olar {H}eating and {C}ooling for {B}uildings and {I}ndustry ({SHC} 2013) ",
issn = "1876-6102",
}



@inproceedings{carbonell_simulation_2014b,
	address = {Aix les Bains, France},
	title = {Simulation of Combined Solar Thermal, Heat Pump, Ice Storage and Waste Water Heat Recovery Systems.
{D}esign Criteria and Parametric Studies.},
	author = {Daniel Carbonell and Daniel Philippen and  Martin Granzotto and Michel Y. Haller and Elimar Frank},
	booktitle = {Proceedings of {E}uro{S}un},
	publisher = {International Solar Energy Society (ISES)},
	year = {2014}
}

@inproceedings{carbonell_experimental_2016,
	address = {Palma (Mallorca), Spain},
	title = {EXPERIMENTAL INVESTIGATIONS OF HEAT EXCHANGERS IN ICE STORAGES FOR COMBINED SOLAR AND HEAT PUMP SYSTEMS.},
	author = {Daniel Carbonell and  Martin Granzotto and Mattia Battaglia and Daniel Philippen  and Michel Y. Haller},
	booktitle = {11$^{th}$ {ISES} {E}uro{S}un {C}onference},
	publisher = {International Solar Energy Society (ISES)},
	year = {2016}
}

@book{HIGHICE_2015,
	title = {{High-Ice} - System development for high solar
thermal gains with ice storage and heat pump},		
	publisher = {Institut f\"ur {S}olartechnik {SPF} for {S}wiss {F}ederal {O}ffice of {E}nergy ({SFOE}), {R}esearch {P}rogramme {S}olar {H}eat and {H}eat {S}torage, {CH}-3003 {B}ern},	
	author = {Daniel Philippen and Daniel Carbonell and Marting Granzotto and Daniel Zenh\"ausern  and Michel Yves Haller and Stefan Brunold},
	year = {2015}
}

@book{ICEEX_2017,
	title = {{Ice-Ex} - Heat Exchanger Analyses for Ice Storages in Solar and Heat Pump  Applications},		
	publisher = {Institut f\"ur {S}olartechnik {SPF} for {S}wiss {F}ederal {O}ffice of {E}nergy ({SFOE}), {R}esearch {P}rogramme {S}olar {H}eat and {H}eat {S}torage, {CH}-3003 {B}ern},	
	author = {Daniel Carbonell and Mattia Battaglia and Daniel Philippen Daniel and Michel Yves Haller},
	year = {2017}
}

@article{tamasauskas_modeling_2012,
	title = {Modeling and optimization for a solar assisted heat pump using ice slurry as a latent storage material},
	journal = {Solar Energy},
	volume = {86},
	pages = {3316-3325},	
	author = {Justin Tamasauskas and Michel Poirier and Radu Zmeureanu and Roberto Suny\'{e}},
	year = {2012}
}

@article{qiqi_simulation_2008,
	title = {A simulation study on a solar heat pump heating system with seasonal latent storage},
	journal = {Solar Energy},
	volume = {82},
	pages = {669-675},	
	author = {Qi Qi and Deng Shiming and Jiang Yiqiang},
	year = {2008}
}

@article{trinkl_simulation_2009,
	title = {Simulation study on a Domestic {Solar/Heat} Pump Heating System Incorporating Latent and Stratified Thermal Storage},	
	author = {Christoph Trinkl and Wilfried Z\"{o}rner and Vic Hanby},
	journal = {Journal of Solar Energy Engineering},
	year = {2009},
	volume = {131},
	pages = {041008}
}

@phdthesis{hirsch_latentwarmespeicher_2010,
	type = {Bachelor},
	title = {{L}atentw\"{a}rmespeicher auf {Wasser/Eis-Basis} mit horizontaler {W}\"{a}rme\"{u}bertragungsfl√§che},
	school = {{FH} {N}ordhausen, {G}ermany and {I}nstitut f\"{u}r {S}olartechnik {SPF}, {S}witzerland},
	author = {H Hirsch},
	year = {2010}
}

@article{jekel_modeling_1993,
	title = {Modeling of ice storage tanks},
	volume = {99},
	number = {1},
	journal = {{ASHRAE} Transactions},
	author = {T B Jekel and J W Mitchell and S A Klein},
	year = {1993},
	pages = {1016--1024},
}

@article{drees_modeling_1995,
	title = {Modeling of Area-Constrained Ice Storage Tanks},
	volume = {1},
	issn = {1078-9669},	
	number = {2},	
	journal = {{HVAC\&R} {R}esearch},
	author = {Kirk H Drees and James E Braun},
	year = {1995},
	pages = {143--158},
}

@article{lee_modeling_1996,
	title = {Modeling of an ice-on-coil thermal energy storage system},
	volume = {37},	
	number = {10},
	journal = {Energy Conversion and Management},
	author = {Alex H W Lee and Jerold W Jones},
	year = {1996},	
	pages = {1493--1507},
}	

@article{paerisch_investigations_2014,
author = {Peter Paerisch and Oliver Mercker and Jonas Warmuth and Rainer Tepe and Erik Bertram and Gunter Rockendorf},
title = {Investigations and model validation of a ground-coupled heat pump for the combination with solar collectors},
journal = "Applied Thermal Engineering",
Volume = "62",
pages = "375-381",
year = "2014"}


@article{philippen_simulation_2015,
title = "Simulation of a solar-ice system for heating
applications. {P}art {II}: system concept, cost and {LCA} analyses",
journal = "Energy and Buildings",
volume = "00",
number = "0",
pages = "00 - 00",
year = "2015",
note = "submitted",
author = {Daniel Philippen and Daniel Carbonell and Daniel Zenh\"ausern and Michel Yves Haller},
}


@article{carbonell_simulation_2016,
title = "Simulation of a solar-ice system for heating
applications. {S}ystem validation with one-year of monitoring data",
journal = "Energy and Buildings",
volume = "127",
number = "0",
pages = "846 - 858",
year = "2016",
note = "",
author = {Daniel Carbonell  and Daniel Philippen and Martin Granzotto and Michel Yves Haller},
}



@book{Heilemann_2013,
author = {Sascha Heilemann and Michael Haupt and Chistian Oehr},
title = {Eisspeicher mit verbessertem W\"armetauscher, Offenlegungsschrift DE  10 2012 208  941  A1  2013.12.19},
institution =  {Fraunhofer-Gesellschaft  zur  F\"orderung  der angewandten  Forschung  e.V., 80686, M\"unchen, DE},
publisher = {{D}eutsches {P}atent- und  {M}arkenamt},
year = {2013}
}



@book{Egli_1944,
author = {Max Egli},
title = {Verfahren zum Betrieb einer W√§rmepumpenanlage, Patent Nr. 231449},
publisher = {{S}chweizer {P}atentamt},
year = {1944}
}


@book{Schrammel_1986,
author = {Dieter Schrammel},
title = {Vefahren zm Abl\"osen des Eisansatzes beim Abtauen eines W\"armetauschers einer W\"armepumpenanlage, DE 2637784 C2},
publisher = {{D}eutsches {P}atent- und  {M}arkenamt},
year = {1986}
}



@book{Hegele_2002,
author = {Franz Hegele},
title = {Verfahren zur Eiserzeugung mit einer W\"armepumpe, insbesondere zur Geb\"audeklimatisierung und  K\"uhlung von Lebensmitteln, DE 198 39 867 C2},
publisher = {{D}eutsches {P}atent- und  {M}arkenamt},
year = {2002}
}

@book{Senghas_2015,
author = {Werner Senghas},
title = {Energiespeichersystem mit einem Eisspeicher, DE 10 2013 213 823 A1},
publisher = {{D}eutsches {P}atent- und  {M}arkenamt},
year = {2015}
}

@inproceedings{philippen_auslegung_2014,
address = {Kloster {B}anz, {G}ermany},
booktitle = {24. OTTI {S}ymposium {T}hermische {S}olarenergie},
title = {{A}uslegung und {B}etrieb einer hocheffizienten {S}olarthermie-{W}\"armepumpen-{H}eizung mit {E}isspeicher},
author = {Daniel Philippen and Daniel Carbonell and Michel Y Haller and  Elimar Frank and Stefan Brunold},	
year = {2014}
}

@phdthesis{causi_2014,
	type = {{B}achelor {T}hesis},
	title = {Simulation und {V}ergleich von {W}\"armepumpen-{H}eizungen welche {E}rdsonden respektive {E}isspeicher und {S}olarkollektoren als {W}\"armequellenutzen},
	school = {{H}ochschule f\"ur {T}echnik {R}apperswil,{I}nstitut f\"{u}r {S}olartechnik {SPF}, {S}witzerland},
	author = {Arian Causi},
	year = {2010}
}

@article{carbonell_experimental_2018,
author = "Daniel Carbonell and Mattia Battaglia and Daniel Philippen and Michel Y Haller",
title = "Numerical and experimental evaluation of ice storages with ice on capillary
mat heat exchangers for solar-ice systems",
journal = "International Journal of Refrigeration",
volume = "88",
number = "",
pages = "383-401",
year = "2018",
note = "",
issn = "",
}




@inproceedings{carbonell_cost_2017,
title = "Cost energetic analyses of ice storage heat exchangers in solar-ice systems",
address = {Abu Dhabi, United Arab Emirates},
booktitle = {ISES Conference Proceedings. {I}nternational {C}onference on {S}olar {H}eating and {C}ooling for {B}uildings and {I}ndustry ({SHC} 2017) },
author = "Daniel Carbonell and Daniel Philippen and Mattia Battaglia and Michel Y. Haller",
year = {2017}
}

@book{carbonell_trihp_2019,
	title = {{TRI-HP} - Trigeneration systems based on heat pumps with natural refrigerants and several renewable sources.},	
	publisher = {European Union's Horizon 2020 research and innovation programme under grant agreement No. 814888},	
	author = {Daniel Carbonell and Michael Kauffeld and Mats Nilson and Jaume Salom and Andoni Diaz de Mendibil and Stephanie Raisch and Claus Bischoff and Immanuel Stiess and √Ångel √Ålvarez Pardi√±as and Raphael Gerber and Anita Derjanecz and Gabriel Cruz},
	year = {2019-2023}
}
